@misc{lachesis,
	Author = {Sousa, {\'{A}}lan Cr{\'{i}}stoffer},
	Date-Modified = {2018-05-26 16:02:04 +0000},
	Title = {{Lachesis}},
	Url = {https://github.com/acristoffers/lachesis},
	Urldate = {2018-05-23},
	Year = {2017}}

@misc{moirai,
	Author = {Sousa, {\'{A}}lan Cr{\'{i}}stoffer},
	Date-Modified = {2018-05-26 16:01:57 +0000},
	Title = {{Moirai}},
	Url = {https://github.com/acristoffers/moirai},
	Urldate = {2018-05-23},
	Year = {2017}}

@misc{Sousa2016,
	Author = {Sousa, {\'{A}}lan Cr{\'{i}}stoffer},
	Booktitle = {AHIO - Abstract Hardware I/O},
	Title = {{AHIO}},
	Url = {https://github.com/acristoffers/ahio},
	Urldate = {2018-05-23},
	Year = {2016}}
